<?xml version="1.0" encoding="UTF-8"?><collection xmlns="http://www.loc.gov/MARC21/slim"><record><leader>00351nam--2200133-i-4500</leader><controlfield tag="001">000003862</controlfield><controlfield tag="002">20161230</controlfield><controlfield tag="005">20161230201025</controlfield><controlfield tag="008">060222s1000------------r-----000-0-eng-d</controlfield><datafield ind1=" " ind2=" " tag="080"><subfield code="a">679.5</subfield></datafield><datafield ind1=" " ind2=" " tag="100"><subfield code="a">Baranovski, V.V. Si Sugal, I.L</subfield></datafield><datafield ind1=" " ind2=" " tag="245"><subfield code="a">Mase plastice stratificate</subfield></datafield><datafield ind1=" " ind2=" " tag="260"><subfield code="a">Bucuresti, Ins. De Documentare Tehnica, 1955. 199 P</subfield></datafield><datafield ind1=" " ind2=" " tag="852"><subfield code="a">26427</subfield></datafield></record></collection>